@article{Abraham2017,
	author = {Abraham, G. and Qiu, Y. and Inouye, M.},
	title = {FlashPCA2: principal component analysis of Biobank-scale genotype datasets},
	journal = {Bioinformatics},
	volume = {33},
	number = {17},
	pages = {2776-2778},
	ISSN = {1367-4811 (Electronic)
	1367-4803 (Linking)},
	DOI = {10.1093/bioinformatics/btx299},
	url = {https://www.ncbi.nlm.nih.gov/pubmed/28475694},
	year = {2017},
	type = {Journal Article}
}

@article{Das2016,
	author = {Das, S. and Forer, L. and Schonherr, S. and Sidore, C. and Locke, A. E. and Kwong, A. and Vrieze, S. I. and Chew, E. Y. and Levy, S. and McGue, M. and Schlessinger, D. and Stambolian, D. and Loh, P. R. and Iacono, W. G. and Swaroop, A. and Scott, L. J. and Cucca, F. and Kronenberg, F. and Boehnke, M. and Abecasis, G. R. and Fuchsberger, C.},
	title = {Next-generation genotype imputation service and methods},
	journal = {Nat Genet},
	volume = {48},
	number = {10},
	pages = {1284-1287},
	ISSN = {1546-1718 (Electronic)
	1061-4036 (Linking)},
	DOI = {10.1038/ng.3656},
	url = {https://www.ncbi.nlm.nih.gov/pubmed/27571263},
	year = {2016},
	type = {Journal Article}
}

